<?xml version="1.0" encoding="UTF-8"?>
  <record xmlns="http://www.loc.gov/MARC21/slim" type="Authority">
    <leader>00000nz  a2200000nc 4500</leader>
    <controlfield tag="001">118614193</controlfield>
    <controlfield tag="003">DE-101</controlfield>
    <controlfield tag="005">20201111003014.0</controlfield>
    <controlfield tag="008">880701n||azznnaabn           | aaa    |c</controlfield>
    <datafield tag="024" ind1="7" ind2=" ">
      <subfield code="a">118614193</subfield>
      <subfield code="0">http://d-nb.info/gnd/118614193</subfield>
      <subfield code="2">gnd</subfield>
    </datafield>
    <datafield tag="035" ind1=" " ind2=" ">
      <subfield code="a">(DE-101)118614193</subfield>
    </datafield>
    <datafield tag="035" ind1=" " ind2=" ">
      <subfield code="a">(DE-588)118614193</subfield>
    </datafield>
    <datafield tag="035" ind1=" " ind2=" ">
      <subfield code="z">(DE-588)1089919166</subfield>
    </datafield>
    <datafield tag="035" ind1=" " ind2=" ">
      <subfield code="z">(DE-588)178101664</subfield>
    </datafield>
    <datafield tag="035" ind1=" " ind2=" ">
      <subfield code="z">(DE-588a)178101664</subfield>
      <subfield code="9">v:zg</subfield>
    </datafield>
    <datafield tag="035" ind1=" " ind2=" ">
      <subfield code="z">(DE-588a)118614193</subfield>
      <subfield code="9">v:zg</subfield>
    </datafield>
    <datafield tag="035" ind1=" " ind2=" ">
      <subfield code="z">(DE-588a)119831813</subfield>
    </datafield>
    <datafield tag="035" ind1=" " ind2=" ">
      <subfield code="z">(DE-588c)4054926-4</subfield>
      <subfield code="9">v:zg</subfield>
    </datafield>
    <datafield tag="040" ind1=" " ind2=" ">
      <subfield code="a">DE-101</subfield>
      <subfield code="c">DE-101</subfield>
      <subfield code="9">r:DE-101</subfield>
      <subfield code="b">ger</subfield>
      <subfield code="d">9999</subfield>
    </datafield>
    <datafield tag="042" ind1=" " ind2=" ">
      <subfield code="a">gnd1</subfield>
    </datafield>
    <datafield tag="043" ind1=" " ind2=" ">
      <subfield code="c">XA-PL</subfield>
    </datafield>
    <datafield tag="065" ind1=" " ind2=" ">
      <subfield code="a">16.5p</subfield>
      <subfield code="2">sswd</subfield>
    </datafield>
    <datafield tag="075" ind1=" " ind2=" ">
      <subfield code="b">p</subfield>
      <subfield code="2">gndgen</subfield>
    </datafield>
    <datafield tag="075" ind1=" " ind2=" ">
      <subfield code="b">pik</subfield>
      <subfield code="2">gndspec</subfield>
    </datafield>
    <datafield tag="079" ind1=" " ind2=" ">
      <subfield code="a">g</subfield>
      <subfield code="q">a</subfield>
      <subfield code="q">f</subfield>
      <subfield code="q">s</subfield>
      <subfield code="q">z</subfield>
      <subfield code="q">l</subfield>
      <subfield code="q">e</subfield>
      <subfield code="q">h</subfield>
      <subfield code="u">w</subfield>
      <subfield code="u">k</subfield>
      <subfield code="u">v</subfield>
      <subfield code="u">o</subfield>
    </datafield>
    <datafield tag="100" ind1="0" ind2=" ">
      <subfield code="a">Zygmunt August</subfield>
      <subfield code="b">II.</subfield>
      <subfield code="c">Polen, König</subfield>
      <subfield code="d">1520-1572</subfield>
    </datafield>
    <datafield tag="375" ind1=" " ind2=" ">
      <subfield code="a">1</subfield>
      <subfield code="2">iso5218</subfield>
    </datafield>
    <datafield tag="400" ind1="0" ind2=" ">
      <subfield code="a">Sigismund August</subfield>
      <subfield code="b">II.</subfield>
      <subfield code="c">Polen, König</subfield>
      <subfield code="d">1520-1572</subfield>
    </datafield>
    <datafield tag="400" ind1="0" ind2=" ">
      <subfield code="a">Zygmunt</subfield>
      <subfield code="b">II.</subfield>
      <subfield code="c">Polska, Król</subfield>
      <subfield code="d">1520-1572</subfield>
    </datafield>
    <datafield tag="400" ind1="0" ind2=" ">
      <subfield code="a">Sigismund August</subfield>
      <subfield code="c">Polen, König</subfield>
      <subfield code="d">1520-1572</subfield>
    </datafield>
    <datafield tag="400" ind1="0" ind2=" ">
      <subfield code="a">Sigismundus Augustus</subfield>
      <subfield code="c">Polonia, Rex</subfield>
      <subfield code="d">1520-1572</subfield>
    </datafield>
    <datafield tag="400" ind1="0" ind2=" ">
      <subfield code="a">Sigismundus</subfield>
      <subfield code="c">Polonia, Rex</subfield>
      <subfield code="d">1520-1572</subfield>
    </datafield>
    <datafield tag="400" ind1="0" ind2=" ">
      <subfield code="a">Sigismund</subfield>
      <subfield code="b">II.</subfield>
      <subfield code="c">Polen, König</subfield>
      <subfield code="d">1520-1572</subfield>
    </datafield>
    <datafield tag="400" ind1="0" ind2=" ">
      <subfield code="a">Sigismundus</subfield>
      <subfield code="c">Augustus</subfield>
      <subfield code="d">1520-1572</subfield>
    </datafield>
    <datafield tag="400" ind1="0" ind2=" ">
      <subfield code="a">Sigismundus Augustus</subfield>
      <subfield code="b">II.</subfield>
      <subfield code="c">Polonia, Rex</subfield>
      <subfield code="d">1520-1572</subfield>
    </datafield>
    <datafield tag="400" ind1="1" ind2=" ">
      <subfield code="a">Sigismund II. August, König von Polen</subfield>
      <subfield code="d">1520-1572</subfield>
      <subfield code="9">v:(VD-16)</subfield>
    </datafield>
    <datafield tag="400" ind1="0" ind2=" ">
      <subfield code="a">Zygmunt August</subfield>
      <subfield code="b">II.</subfield>
      <subfield code="c">Polska, Król</subfield>
      <subfield code="d">1520-1572</subfield>
    </datafield>
    <datafield tag="400" ind1="0" ind2=" ">
      <subfield code="a">Zygmunt August</subfield>
      <subfield code="c">Polska, Król, II.</subfield>
      <subfield code="d">1520-1572</subfield>
    </datafield>
    <datafield tag="400" ind1="0" ind2=" ">
      <subfield code="a">Zygmunt</subfield>
      <subfield code="c">Polska, Król, II.</subfield>
      <subfield code="d">1520-1572</subfield>
    </datafield>
    <datafield tag="400" ind1="0" ind2=" ">
      <subfield code="a">Žygimantas Augustas</subfield>
      <subfield code="d">1520-1572</subfield>
    </datafield>
    <datafield tag="400" ind1="0" ind2=" ">
      <subfield code="a">Zygmunt August</subfield>
      <subfield code="b">II</subfield>
      <subfield code="c">König von Polen</subfield>
      <subfield code="d">1520-1572</subfield>
    </datafield>
    <datafield tag="400" ind1="0" ind2=" ">
      <subfield code="a">Žygimantas Augustas</subfield>
      <subfield code="b">II</subfield>
      <subfield code="c">Polen, König</subfield>
      <subfield code="d">1520-1572</subfield>
    </datafield>
    <datafield tag="400" ind1="0" ind2=" ">
      <subfield code="a">Sigismund</subfield>
      <subfield code="b">II Augustus</subfield>
      <subfield code="c">King of Poland</subfield>
      <subfield code="d">1520-1572</subfield>
    </datafield>
    <datafield tag="400" ind1="0" ind2=" ">
      <subfield code="a">Sigismundus Augustus</subfield>
      <subfield code="c">Rex Poloniae</subfield>
      <subfield code="d">1520-1572</subfield>
    </datafield>
    <datafield tag="500" ind1="0" ind2=" ">
      <subfield code="0">(DE-101)118797158</subfield>
      <subfield code="0">(DE-588)118797158</subfield>
      <subfield code="0">https://d-nb.info/gnd/118797158</subfield>
      <subfield code="a">Zygmunt</subfield>
      <subfield code="b">I.</subfield>
      <subfield code="c">Polen, König</subfield>
      <subfield code="d">1467-1548</subfield>
      <subfield code="4">bezf</subfield>
      <subfield code="4">https://d-nb.info/standards/elementset/gnd#familialRelationship</subfield>
      <subfield code="w">r</subfield>
      <subfield code="i">Beziehung familiaer</subfield>
      <subfield code="e">Beziehung familiaer</subfield>
      <subfield code="9">v:Vater</subfield>
    </datafield>
    <datafield tag="500" ind1="0" ind2=" ">
      <subfield code="0">(DE-101)119138158</subfield>
      <subfield code="0">(DE-588)119138158</subfield>
      <subfield code="0">https://d-nb.info/gnd/119138158</subfield>
      <subfield code="a">Bona</subfield>
      <subfield code="c">Polen, Königin</subfield>
      <subfield code="d">1494-1557</subfield>
      <subfield code="4">bezf</subfield>
      <subfield code="4">https://d-nb.info/standards/elementset/gnd#familialRelationship</subfield>
      <subfield code="w">r</subfield>
      <subfield code="i">Beziehung familiaer</subfield>
      <subfield code="e">Beziehung familiaer</subfield>
      <subfield code="9">v:Mutter</subfield>
    </datafield>
    <datafield tag="500" ind1="0" ind2=" ">
      <subfield code="0">(DE-101)129883514</subfield>
      <subfield code="0">(DE-588)129883514</subfield>
      <subfield code="0">https://d-nb.info/gnd/129883514</subfield>
      <subfield code="a">Elżbieta</subfield>
      <subfield code="c">Polen, Königin, 1526-1545</subfield>
      <subfield code="d">1526-1545</subfield>
      <subfield code="4">bezf</subfield>
      <subfield code="4">https://d-nb.info/standards/elementset/gnd#familialRelationship</subfield>
      <subfield code="w">r</subfield>
      <subfield code="i">Beziehung familiaer</subfield>
      <subfield code="e">Beziehung familiaer</subfield>
      <subfield code="9">v:1. Ehefrau</subfield>
    </datafield>
    <datafield tag="500" ind1="0" ind2=" ">
      <subfield code="0">(DE-101)118966650</subfield>
      <subfield code="0">(DE-588)118966650</subfield>
      <subfield code="0">https://d-nb.info/gnd/118966650</subfield>
      <subfield code="a">Barbara</subfield>
      <subfield code="c">Polen, Königin, 1520-1551</subfield>
      <subfield code="d">1520-1551</subfield>
      <subfield code="4">bezf</subfield>
      <subfield code="4">https://d-nb.info/standards/elementset/gnd#familialRelationship</subfield>
      <subfield code="w">r</subfield>
      <subfield code="i">Beziehung familiaer</subfield>
      <subfield code="e">Beziehung familiaer</subfield>
      <subfield code="9">v:2. Ehefrau</subfield>
    </datafield>
    <datafield tag="500" ind1="0" ind2=" ">
      <subfield code="0">(DE-101)13707963X</subfield>
      <subfield code="0">(DE-588)13707963X</subfield>
      <subfield code="0">https://d-nb.info/gnd/13707963X</subfield>
      <subfield code="a">Katarzyna</subfield>
      <subfield code="c">Polen, Königin</subfield>
      <subfield code="d">1533-1572</subfield>
      <subfield code="4">bezf</subfield>
      <subfield code="4">https://d-nb.info/standards/elementset/gnd#familialRelationship</subfield>
      <subfield code="w">r</subfield>
      <subfield code="i">Beziehung familiaer</subfield>
      <subfield code="e">Beziehung familiaer</subfield>
      <subfield code="9">v:3. Ehefrau</subfield>
    </datafield>
    <datafield tag="500" ind1="1" ind2=" ">
      <subfield code="a">Skalić, Pavao</subfield>
      <subfield code="4">beza</subfield>
      <subfield code="4">https://d-nb.info/standards/elementset/gnd#acquaintanceshipOrFriendship</subfield>
      <subfield code="w">r</subfield>
      <subfield code="i">Bekanntschaft</subfield>
      <subfield code="e">Bekanntschaft</subfield>
      <subfield code="9">v:VD-16 Mitverf.</subfield>
    </datafield>
    <datafield tag="500" ind1="0" ind2=" ">
      <subfield code="0">(DE-101)118637673</subfield>
      <subfield code="0">(DE-588)118637673</subfield>
      <subfield code="0">https://d-nb.info/gnd/118637673</subfield>
      <subfield code="a">Albrecht</subfield>
      <subfield code="c">Preußen, Herzog</subfield>
      <subfield code="d">1490-1568</subfield>
      <subfield code="4">beza</subfield>
      <subfield code="4">https://d-nb.info/standards/elementset/gnd#acquaintanceshipOrFriendship</subfield>
      <subfield code="w">r</subfield>
      <subfield code="i">Bekanntschaft</subfield>
      <subfield code="e">Bekanntschaft</subfield>
      <subfield code="9">v:VD-16 Mitverf.</subfield>
    </datafield>
    <datafield tag="500" ind1="1" ind2=" ">
      <subfield code="0">(DE-101)119637693</subfield>
      <subfield code="0">(DE-588)119637693</subfield>
      <subfield code="0">https://d-nb.info/gnd/119637693</subfield>
      <subfield code="a">Carrari, Francesco</subfield>
      <subfield code="4">beza</subfield>
      <subfield code="4">https://d-nb.info/standards/elementset/gnd#acquaintanceshipOrFriendship</subfield>
      <subfield code="w">r</subfield>
      <subfield code="i">Bekanntschaft</subfield>
      <subfield code="e">Bekanntschaft</subfield>
      <subfield code="9">v:VD-16 Mitverf.</subfield>
    </datafield>
    <datafield tag="500" ind1="1" ind2=" ">
      <subfield code="a">Gäbelkover, Oswald</subfield>
      <subfield code="4">beza</subfield>
      <subfield code="4">https://d-nb.info/standards/elementset/gnd#acquaintanceshipOrFriendship</subfield>
      <subfield code="w">r</subfield>
      <subfield code="i">Bekanntschaft</subfield>
      <subfield code="e">Bekanntschaft</subfield>
      <subfield code="9">v:VD-16 Mitverf.</subfield>
    </datafield>
    <datafield tag="500" ind1="1" ind2=" ">
      <subfield code="0">(DE-101)119715473</subfield>
      <subfield code="0">(DE-588)119715473</subfield>
      <subfield code="0">https://d-nb.info/gnd/119715473</subfield>
      <subfield code="a">Hoya, Johannes &#152;von&#156;</subfield>
      <subfield code="4">beza</subfield>
      <subfield code="4">https://d-nb.info/standards/elementset/gnd#acquaintanceshipOrFriendship</subfield>
      <subfield code="w">r</subfield>
      <subfield code="i">Bekanntschaft</subfield>
      <subfield code="e">Bekanntschaft</subfield>
      <subfield code="9">v:VD-16 Mitverf.</subfield>
    </datafield>
    <datafield tag="500" ind1="1" ind2=" ">
      <subfield code="0">(DE-101)11976556X</subfield>
      <subfield code="0">(DE-588)11976556X</subfield>
      <subfield code="0">https://d-nb.info/gnd/11976556X</subfield>
      <subfield code="a">Moller, Bernhard</subfield>
      <subfield code="4">beza</subfield>
      <subfield code="4">https://d-nb.info/standards/elementset/gnd#acquaintanceshipOrFriendship</subfield>
      <subfield code="w">r</subfield>
      <subfield code="i">Bekanntschaft</subfield>
      <subfield code="e">Bekanntschaft</subfield>
      <subfield code="9">v:VD-16 Mitverf.</subfield>
    </datafield>
    <datafield tag="500" ind1="1" ind2=" ">
      <subfield code="0">(DE-101)115362363</subfield>
      <subfield code="0">(DE-588)115362363</subfield>
      <subfield code="0">https://d-nb.info/gnd/115362363</subfield>
      <subfield code="a">Schinckel, Matthaeus</subfield>
      <subfield code="4">beza</subfield>
      <subfield code="4">https://d-nb.info/standards/elementset/gnd#acquaintanceshipOrFriendship</subfield>
      <subfield code="w">r</subfield>
      <subfield code="i">Bekanntschaft</subfield>
      <subfield code="e">Bekanntschaft</subfield>
      <subfield code="9">v:VD-16 Mitverf.</subfield>
    </datafield>
    <datafield tag="500" ind1="1" ind2=" ">
      <subfield code="0">(DE-101)128916737</subfield>
      <subfield code="0">(DE-588)128916737</subfield>
      <subfield code="0">https://d-nb.info/gnd/128916737</subfield>
      <subfield code="a">Schrader, Lorenz</subfield>
      <subfield code="d">1538-1606</subfield>
      <subfield code="4">beza</subfield>
      <subfield code="4">https://d-nb.info/standards/elementset/gnd#acquaintanceshipOrFriendship</subfield>
      <subfield code="w">r</subfield>
      <subfield code="i">Bekanntschaft</subfield>
      <subfield code="e">Bekanntschaft</subfield>
      <subfield code="9">v:VD-16 Mitverf.</subfield>
    </datafield>
    <datafield tag="530" ind1=" " ind2="0">
      <subfield code="0">(DE-101)1075657938</subfield>
      <subfield code="0">(DE-588)1075657938</subfield>
      <subfield code="0">https://d-nb.info/gnd/1075657938</subfield>
      <subfield code="a">Einband</subfield>
      <subfield code="g">Wappen, Zygmunt August II., Polen, König</subfield>
      <subfield code="n">01</subfield>
      <subfield code="4">rela</subfield>
      <subfield code="4">https://d-nb.info/standards/elementset/gnd#relatedWork</subfield>
      <subfield code="w">r</subfield>
      <subfield code="i">Relation allgemein</subfield>
    </datafield>
    <datafield tag="530" ind1=" " ind2="0">
      <subfield code="0">(DE-101)1075658454</subfield>
      <subfield code="0">(DE-588)1075658454</subfield>
      <subfield code="0">https://d-nb.info/gnd/1075658454</subfield>
      <subfield code="a">Einband</subfield>
      <subfield code="g">Wappen, Zygmunt August II., Polen, König</subfield>
      <subfield code="n">02</subfield>
      <subfield code="4">rela</subfield>
      <subfield code="4">https://d-nb.info/standards/elementset/gnd#relatedWork</subfield>
      <subfield code="w">r</subfield>
      <subfield code="i">Relation allgemein</subfield>
    </datafield>
    <datafield tag="530" ind1=" " ind2="0">
      <subfield code="0">(DE-101)1075658519</subfield>
      <subfield code="0">(DE-588)1075658519</subfield>
      <subfield code="0">https://d-nb.info/gnd/1075658519</subfield>
      <subfield code="a">Einband</subfield>
      <subfield code="g">Wappen, Zygmunt August II., Polen, König</subfield>
      <subfield code="n">03</subfield>
      <subfield code="4">rela</subfield>
      <subfield code="4">https://d-nb.info/standards/elementset/gnd#relatedWork</subfield>
      <subfield code="w">r</subfield>
      <subfield code="i">Relation allgemein</subfield>
    </datafield>
    <datafield tag="530" ind1=" " ind2="0">
      <subfield code="0">(DE-101)1076261329</subfield>
      <subfield code="0">(DE-588)1076261329</subfield>
      <subfield code="0">https://d-nb.info/gnd/1076261329</subfield>
      <subfield code="a">Einband</subfield>
      <subfield code="g">Wappen, Zygmunt August II., Polen, König</subfield>
      <subfield code="n">04</subfield>
      <subfield code="4">rela</subfield>
      <subfield code="4">https://d-nb.info/standards/elementset/gnd#relatedWork</subfield>
      <subfield code="w">r</subfield>
      <subfield code="i">Relation allgemein</subfield>
    </datafield>
    <datafield tag="530" ind1=" " ind2="0">
      <subfield code="0">(DE-101)1076264972</subfield>
      <subfield code="0">(DE-588)1076264972</subfield>
      <subfield code="0">https://d-nb.info/gnd/1076264972</subfield>
      <subfield code="a">Einband</subfield>
      <subfield code="g">Wappen, Zygmunt August II., Polen, König</subfield>
      <subfield code="n">05</subfield>
      <subfield code="4">rela</subfield>
      <subfield code="4">https://d-nb.info/standards/elementset/gnd#relatedWork</subfield>
      <subfield code="w">r</subfield>
      <subfield code="i">Relation allgemein</subfield>
    </datafield>
    <datafield tag="530" ind1=" " ind2="0">
      <subfield code="0">(DE-101)1076265790</subfield>
      <subfield code="0">(DE-588)1076265790</subfield>
      <subfield code="0">https://d-nb.info/gnd/1076265790</subfield>
      <subfield code="a">Einband</subfield>
      <subfield code="g">Wappen, Zygmunt August II., Polen, König</subfield>
      <subfield code="n">06</subfield>
      <subfield code="4">rela</subfield>
      <subfield code="4">https://d-nb.info/standards/elementset/gnd#relatedWork</subfield>
      <subfield code="w">r</subfield>
      <subfield code="i">Relation allgemein</subfield>
    </datafield>
    <datafield tag="530" ind1=" " ind2="0">
      <subfield code="0">(DE-101)1076266576</subfield>
      <subfield code="0">(DE-588)1076266576</subfield>
      <subfield code="0">https://d-nb.info/gnd/1076266576</subfield>
      <subfield code="a">Einband</subfield>
      <subfield code="g">Wappen, Zygmunt August II., Polen, König</subfield>
      <subfield code="n">07</subfield>
      <subfield code="4">rela</subfield>
      <subfield code="4">https://d-nb.info/standards/elementset/gnd#relatedWork</subfield>
      <subfield code="w">r</subfield>
      <subfield code="i">Relation allgemein</subfield>
    </datafield>
    <datafield tag="530" ind1=" " ind2="0">
      <subfield code="0">(DE-101)1076266827</subfield>
      <subfield code="0">(DE-588)1076266827</subfield>
      <subfield code="0">https://d-nb.info/gnd/1076266827</subfield>
      <subfield code="a">Einband</subfield>
      <subfield code="g">Wappen, Zygmunt August II., Polen, König</subfield>
      <subfield code="n">08</subfield>
      <subfield code="4">rela</subfield>
      <subfield code="4">https://d-nb.info/standards/elementset/gnd#relatedWork</subfield>
      <subfield code="w">r</subfield>
      <subfield code="i">Relation allgemein</subfield>
    </datafield>
    <datafield tag="548" ind1=" " ind2=" ">
      <subfield code="a">1520-1572</subfield>
      <subfield code="4">datl</subfield>
      <subfield code="4">https://d-nb.info/standards/elementset/gnd#dateOfBirthAndDeath</subfield>
      <subfield code="w">r</subfield>
      <subfield code="i">Lebensdaten</subfield>
    </datafield>
    <datafield tag="548" ind1=" " ind2=" ">
      <subfield code="a">01.08.1520-07.06.1572</subfield>
      <subfield code="4">datx</subfield>
      <subfield code="4">https://d-nb.info/standards/elementset/gnd#dateOfBirthAndDeath</subfield>
      <subfield code="w">r</subfield>
      <subfield code="i">Exakte Lebensdaten</subfield>
    </datafield>
    <datafield tag="550" ind1=" " ind2=" ">
      <subfield code="0">(DE-101)040004643</subfield>
      <subfield code="0">(DE-588)4000464-8</subfield>
      <subfield code="0">https://d-nb.info/gnd/4000464-8</subfield>
      <subfield code="a">Adel</subfield>
      <subfield code="4">obin</subfield>
      <subfield code="4">https://d-nb.info/standards/elementset/gnd#broaderTermInstantial</subfield>
      <subfield code="w">r</subfield>
      <subfield code="i">Oberbegriff instantiell</subfield>
    </datafield>
    <datafield tag="550" ind1=" " ind2=" ">
      <subfield code="0">(DE-101)040315169</subfield>
      <subfield code="0">(DE-588)4031516-2</subfield>
      <subfield code="0">https://d-nb.info/gnd/4031516-2</subfield>
      <subfield code="a">König</subfield>
      <subfield code="4">adel</subfield>
      <subfield code="4">https://d-nb.info/standards/elementset/gnd#titleOfNobility</subfield>
      <subfield code="w">r</subfield>
      <subfield code="i">Adelstitel</subfield>
    </datafield>
    <datafield tag="551" ind1=" " ind2=" ">
      <subfield code="0">(DE-101)040737608</subfield>
      <subfield code="0">(DE-588)4073760-3</subfield>
      <subfield code="0">https://d-nb.info/gnd/4073760-3</subfield>
      <subfield code="a">Krakau</subfield>
      <subfield code="4">ortg</subfield>
      <subfield code="4">https://d-nb.info/standards/elementset/gnd#placeOfBirth</subfield>
      <subfield code="w">r</subfield>
      <subfield code="i">Geburtsort</subfield>
    </datafield>
    <datafield tag="551" ind1=" " ind2=" ">
      <subfield code="0">(DE-101)959180184</subfield>
      <subfield code="0">(DE-588)4593150-1</subfield>
      <subfield code="0">https://d-nb.info/gnd/4593150-1</subfield>
      <subfield code="a">Knyszyn</subfield>
      <subfield code="4">orts</subfield>
      <subfield code="4">https://d-nb.info/standards/elementset/gnd#placeOfDeath</subfield>
      <subfield code="w">r</subfield>
      <subfield code="i">Sterbeort</subfield>
    </datafield>
    <datafield tag="667" ind1=" " ind2=" ">
      <subfield code="a">7</subfield>
    </datafield>
    <datafield tag="667" ind1=" " ind2=" ">
      <subfield code="a">12</subfield>
    </datafield>
    <datafield tag="667" ind1=" " ind2=" ">
      <subfield code="a">VD-17</subfield>
    </datafield>
    <datafield tag="667" ind1=" " ind2=" ">
      <subfield code="a">VD-16</subfield>
    </datafield>
    <datafield tag="670" ind1=" " ind2=" ">
      <subfield code="a">PND</subfield>
    </datafield>
    <datafield tag="670" ind1=" " ind2=" ">
      <subfield code="a">NDB/ADB-online</subfield>
    </datafield>
    <datafield tag="670" ind1=" " ind2=" ">
      <subfield code="a">M</subfield>
    </datafield>
    <datafield tag="670" ind1=" " ind2=" ">
      <subfield code="a">B 1986</subfield>
    </datafield>
    <datafield tag="670" ind1=" " ind2=" ">
      <subfield code="a">Wikipedia</subfield>
      <subfield code="b">Stand: 02.06.2017</subfield>
      <subfield code="u">https://de.wikipedia.org/wiki/Sigismund_II._August</subfield>
    </datafield>
    <datafield tag="672" ind1=" " ind2="0">
      <subfield code="a">Geheime Briefe. - 1850</subfield>
    </datafield>
    <datafield tag="672" ind1=" " ind2="0">
      <subfield code="a">Hosius, Stanislaus: De expresso Dei verbo ad Sigismundum Augustum, Poloniae regem, revere*. - 1560</subfield>
    </datafield>
    <datafield tag="672" ind1=" " ind2="0">
      <subfield code="a">Sigismundi Augusti epistolae, legationes et respon*. - 1703</subfield>
    </datafield>
    <datafield tag="672" ind1=" " ind2="0">
      <subfield code="a">Skalić, Pavao: PAVLI PRINCIPIS DE LA SCALA ET HVN, MARCHIONIS VERONAE, &amp;c. DOMINI CREVTZBVRGI PRVSSIAE. ...  1570.  (VD16 S 6628)</subfield>
    </datafield>
    <datafield tag="678" ind1=" " ind2=" ">
      <subfield code="b">Poln. König aus der Familie der Jagiellonen; ab 1529 Großfürst von Litauen, ab 1530 König von Polen und ab 1548, nach dem Tod seines Vaters, Alleinherrscher. Er war ab 1569 der erste Regent des Staates Polen-Litauen</subfield>
    </datafield>
    <datafield tag="678" ind1=" " ind2=" ">
      <subfield code="b">Buchbesitz: Besaß eine prächtige Renaissancebibliothek mit ca. 4.000-5.000 Bänden, die als Grundstock einer Universitätsbibliothek in Wilna dienen sollte. Nach seinem Tod wurde die Bibliothek aufgeteilt. Heute Teile dieser Sammlung in Polen, Litauen, Schweden, Russland und Deutschland.</subfield>
    </datafield>
    <datafield tag="913" ind1=" " ind2=" ">
      <subfield code="S">pnd</subfield>
      <subfield code="i">5</subfield>
      <subfield code="a">Zygmunt August &lt;Polska, Król, II.&gt;</subfield>
      <subfield code="0">(DE-588a)118614193</subfield>
    </datafield>
    <datafield tag="913" ind1=" " ind2=" ">
      <subfield code="S">pnd</subfield>
      <subfield code="i">5</subfield>
      <subfield code="a">Sigismund August &lt;Polen, König, II.&gt;</subfield>
      <subfield code="0">(DE-588a)118614193</subfield>
    </datafield>
    <datafield tag="913" ind1=" " ind2=" ">
      <subfield code="S">pnd</subfield>
      <subfield code="i">5</subfield>
      <subfield code="a">Zygmunt August &lt;Polska, Król, Ii.&gt;</subfield>
      <subfield code="0">(DE-588a)178101664</subfield>
    </datafield>
  </record>
